@inproceedings{CaseStudyDatev,
	author = {Kesim, Dominik and Wagner, Lion and von Kistowski, J{\'{o}}akim and Frank, Sebastian and {Van Hoorn}, Andr{\'{e}} and Hakamian, Alireza},
	title = {{Scenario-based Resilience Evaluation and Improvement of Microservice Architectures: An Experience Report}},
	year = {2020}
}
@inproceedings{SimuLizar1,
author = {Becker, Matthias AND Becker, Steffen AND Meyer, Joachim},
title = {SimuLizar: Design-Time Modeling and Performance Analysis of Self-Adaptive Systems},
booktitle = {Software Engineering 2013},
year = {2013},
editor = {Kowalewski, Stefan AND Rumpe, Bernhard} ,
pages = { 71-84 },
publisher = {Gesellschaft f√ºr Informatik e.V.},
address = {Bonn}
}
@unpublished{MiSim,
	author = {Beck, Samuel and Zorn, Christoph and G{\"{u}}nth{\"{o}}r, Johannes},
	title = {{Simulation-based resilience prediction of microservice architectures}},
	year = {2017}
}